@Manual{R-base,
  title = {R: A Language and Environment for Statistical Computing},
  author = {{R Core Team}},
  organization = {R Foundation for Statistical Computing},
  address = {Vienna, Austria},
  year = {2018},
  url = {https://www.R-project.org/},
}
@Manual{R-bookdown,
  title = {bookdown: Authoring Books and Technical Documents with R Markdown},
  author = {Yihui Xie},
  year = {2019},
  note = {R package version 0.9.1},
  url = {https://github.com/rstudio/bookdown},
}
@Manual{R-data.table,
  title = {data.table: Extension of `data.frame`},
  author = {Matt Dowle and Arun Srinivasan},
  year = {2019},
  note = {R package version 1.12.0},
  url = {https://CRAN.R-project.org/package=data.table},
}
@Manual{R-gtfo,
  title = {gtfo: Go to terminal or file manager},
  author = {Michel Lang},
  year = {2019},
  note = {R package version 0.0.0.9000},
  url = {https://github.com/mllg/gtfo},
}
@Manual{R-knitr,
  title = {knitr: A General-Purpose Package for Dynamic Report Generation in R},
  author = {Yihui Xie},
  year = {2018},
  note = {R package version 1.21},
  url = {https://CRAN.R-project.org/package=knitr},
}
@Manual{R-rmarkdown,
  title = {rmarkdown: Dynamic Documents for R},
  author = {JJ Allaire and Yihui Xie and Jonathan McPherson and Javier Luraschi and Kevin Ushey and Aron Atkins and Hadley Wickham and Joe Cheng and Winston Chang and Richard Iannone},
  year = {2018},
  note = {R package version 1.11},
  url = {https://CRAN.R-project.org/package=rmarkdown},
}
