@article{bergstra2012,
  title = {Random {{Search}} for {{Hyper}}-Parameter {{Optimization}}},
  volume = {13},
  issn = {1532-4435},
  journal = {J. Mach. Learn. Res.},
  author = {Bergstra, James and Bengio, Yoshua},
  month = feb,
  year = {2012},
  keywords = {‚õî No DOI found,üîçNo DOI found,deep learning,global optimization,hyperparameter,model selection,neural networks,response surface modeling},
  pages = {281-305},
  file = {/home/pjs/Zotero/storage/RXK79FZ3/Bergstra and Bengio - 2012 - Random Search for Hyper-parameter Optimization.pdf},
  publisher = {{JMLR.org}},
  acmid = {2188395},
  issue_date = {3/1/2012},
  numpages = {25},
  note = {02435}
}
